<record><leader>00000cas a22000007a 4500</leader><controlfield tag="001">13181810</controlfield><controlfield tag="008">860221d18481851wvuwr ne      0    0eng d</controlfield><datafield ind1=" " ind2=" " tag="010"><subfield code="a">sn 86092241 </subfield></datafield><datafield ind1=" " ind2=" " tag="040"><subfield code="a">WVC</subfield><subfield code="b">eng</subfield><subfield code="c">WVC</subfield><subfield code="d">DLC</subfield><subfield code="d">OCL</subfield><subfield code="d">OCLCQ</subfield></datafield><datafield ind1=" " ind2=" " tag="042"><subfield code="a">msc</subfield></datafield><datafield ind1="0" ind2="4" tag="245"><subfield code="a">The Fellowsville democrat.</subfield></datafield><datafield ind1=" " ind2=" " tag="260"><subfield code="a">Fellowsville, Va. [W. Va. :</subfield><subfield code="b">Sylvanus] Heermans</subfield></datafield><datafield ind1=" " ind2=" " tag="300"><subfield code="a">v.</subfield></datafield><datafield ind1=" " ind2=" " tag="310"><subfield code="a">Weekly</subfield></datafield><datafield ind1="1" ind2=" " tag="362"><subfield code="a">Established June 3, 1848; ceased in 1851.</subfield><subfield code="z">Cf. Norona and Shetler. W. Va. Imprints.</subfield></datafield><datafield ind1=" " ind2=" " tag="500"><subfield code="a">"Whig."</subfield></datafield><datafield ind1=" " ind2=" " tag="500"><subfield code="a">Publishers: Sylvanus Heermans, 1848-1851; John Heermans, 1851.</subfield></datafield><datafield ind1=" " ind2=" " tag="500"><subfield code="a">Editor: F.B. Woodward, 1848-1850.</subfield></datafield><datafield ind1=" " ind2=" " tag="588"><subfield code="a">Description based on: Vol. 1, no. 43 (Mar. 23, 1849).</subfield></datafield><datafield ind1=" " ind2=" " tag="752"><subfield code="a">United States</subfield><subfield code="b">West Virginia</subfield><subfield code="c">Preston</subfield><subfield code="d">Fellowsville.</subfield></datafield></record>